%YAML 1.1
%TAG !u! tag:unity3d.com,2011:
--- !u!1 &1178689858139324871
GameObject:
  m_ObjectHideFlags: 0
  m_CorrespondingSourceObject: {fileID: 0}
  m_PrefabInstance: {fileID: 0}
  m_PrefabAsset: {fileID: 0}
  serializedVersion: 6
  m_Component:
  - component: {fileID: 6652388751892302288}
  m_Layer: 0
  m_Name: forearm.R_end
  m_TagString: Untagged
  m_Icon: {fileID: 0}
  m_NavMeshLayer: 0
  m_StaticEditorFlags: 0
  m_IsActive: 1
--- !u!4 &6652388751892302288
Transform:
  m_ObjectHideFlags: 0
  m_CorrespondingSourceObject: {fileID: 0}
  m_PrefabInstance: {fileID: 0}
  m_PrefabAsset: {fileID: 0}
  m_GameObject: {fileID: 1178689858139324871}
  m_LocalRotation: {x: 0, y: -0, z: -0, w: 1}
  m_LocalPosition: {x: -0, y: 0.16047817, z: 0}
  m_LocalScale: {x: 1, y: 1, z: 1}
  m_Children: []
  m_Father: {fileID: 7816058301976607601}
  m_RootOrder: 0
  m_LocalEulerAnglesHint: {x: 0, y: 0, z: 0}
--- !u!1 &1335191856080427027
GameObject:
  m_ObjectHideFlags: 0
  m_CorrespondingSourceObject: {fileID: 0}
  m_PrefabInstance: {fileID: 0}
  m_PrefabAsset: {fileID: 0}
  serializedVersion: 6
  m_Component:
  - component: {fileID: 855541045881588992}
  m_Layer: 0
  m_Name: spine.003
  m_TagString: Untagged
  m_Icon: {fileID: 0}
  m_NavMeshLayer: 0
  m_StaticEditorFlags: 0
  m_IsActive: 1
--- !u!4 &855541045881588992
Transform:
  m_ObjectHideFlags: 0
  m_CorrespondingSourceObject: {fileID: 0}
  m_PrefabInstance: {fileID: 0}
  m_PrefabAsset: {fileID: 0}
  m_GameObject: {fileID: 1335191856080427027}
  m_LocalRotation: {x: -0.0070962505, y: -0.000051701423, z: 0.00042412197, w: 0.9999747}
  m_LocalPosition: {x: -1.08002496e-10, y: 0.0557834, z: -0.0000000013399983}
  m_LocalScale: {x: 1, y: 0.99999994, z: 1}
  m_Children:
  - {fileID: 3583008425605550084}
  - {fileID: 7404000317894798119}
  - {fileID: 3516352284182132801}
  m_Father: {fileID: 7867464070399846154}
  m_RootOrder: 0
  m_LocalEulerAnglesHint: {x: 0, y: 0, z: 0}
--- !u!1 &1541846072020494080
GameObject:
  m_ObjectHideFlags: 0
  m_CorrespondingSourceObject: {fileID: 0}
  m_PrefabInstance: {fileID: 0}
  m_PrefabAsset: {fileID: 0}
  serializedVersion: 6
  m_Component:
  - component: {fileID: 7816058301976607601}
  m_Layer: 0
  m_Name: forearm.R
  m_TagString: Untagged
  m_Icon: {fileID: 0}
  m_NavMeshLayer: 0
  m_StaticEditorFlags: 0
  m_IsActive: 1
--- !u!4 &7816058301976607601
Transform:
  m_ObjectHideFlags: 0
  m_CorrespondingSourceObject: {fileID: 0}
  m_PrefabInstance: {fileID: 0}
  m_PrefabAsset: {fileID: 0}
  m_GameObject: {fileID: 1541846072020494080}
  m_LocalRotation: {x: 0.040412843, y: -0.13339555, z: -0.01536023, w: 0.99011946}
  m_LocalPosition: {x: 0.000000035390258, y: 0.103718296, z: -0.000000013969839}
  m_LocalScale: {x: 1, y: 0.99999994, z: 0.99999994}
  m_Children:
  - {fileID: 6652388751892302288}
  m_Father: {fileID: 7039950316198440868}
  m_RootOrder: 0
  m_LocalEulerAnglesHint: {x: 0, y: 0, z: 0}
--- !u!1 &2224448918243523733
GameObject:
  m_ObjectHideFlags: 0
  m_CorrespondingSourceObject: {fileID: 0}
  m_PrefabInstance: {fileID: 0}
  m_PrefabAsset: {fileID: 0}
  serializedVersion: 6
  m_Component:
  - component: {fileID: 326212936255233421}
  m_Layer: 0
  m_Name: pelvis.R_end
  m_TagString: Untagged
  m_Icon: {fileID: 0}
  m_NavMeshLayer: 0
  m_StaticEditorFlags: 0
  m_IsActive: 1
--- !u!4 &326212936255233421
Transform:
  m_ObjectHideFlags: 0
  m_CorrespondingSourceObject: {fileID: 0}
  m_PrefabInstance: {fileID: 0}
  m_PrefabAsset: {fileID: 0}
  m_GameObject: {fileID: 2224448918243523733}
  m_LocalRotation: {x: 0, y: -0, z: -0, w: 1}
  m_LocalPosition: {x: -0, y: 0.0968713, z: 0}
  m_LocalScale: {x: 1, y: 1, z: 1}
  m_Children: []
  m_Father: {fileID: 883076029183603612}
  m_RootOrder: 0
  m_LocalEulerAnglesHint: {x: 0, y: 0, z: 0}
--- !u!1 &2529007410586045867
GameObject:
  m_ObjectHideFlags: 0
  m_CorrespondingSourceObject: {fileID: 0}
  m_PrefabInstance: {fileID: 0}
  m_PrefabAsset: {fileID: 0}
  serializedVersion: 6
  m_Component:
  - component: {fileID: 8780559518148966602}
  - component: {fileID: 8326711250407359210}
  m_Layer: 0
  m_Name: ball.001
  m_TagString: Untagged
  m_Icon: {fileID: 0}
  m_NavMeshLayer: 0
  m_StaticEditorFlags: 0
  m_IsActive: 1
--- !u!4 &8780559518148966602
Transform:
  m_ObjectHideFlags: 0
  m_CorrespondingSourceObject: {fileID: 0}
  m_PrefabInstance: {fileID: 0}
  m_PrefabAsset: {fileID: 0}
  m_GameObject: {fileID: 2529007410586045867}
  m_LocalRotation: {x: -0.045093544, y: 0, z: -0, w: 0.9989828}
  m_LocalPosition: {x: -0, y: 0, z: 0}
  m_LocalScale: {x: 0.010162858, y: 0.010162858, z: 0.010162858}
  m_Children: []
  m_Father: {fileID: 4543404708046292756}
  m_RootOrder: 0
  m_LocalEulerAnglesHint: {x: 0, y: 0, z: 0}
--- !u!137 &8326711250407359210
SkinnedMeshRenderer:
  m_ObjectHideFlags: 0
  m_CorrespondingSourceObject: {fileID: 0}
  m_PrefabInstance: {fileID: 0}
  m_PrefabAsset: {fileID: 0}
  m_GameObject: {fileID: 2529007410586045867}
  m_Enabled: 1
  m_CastShadows: 1
  m_ReceiveShadows: 1
  m_DynamicOccludee: 1
  m_MotionVectors: 1
  m_LightProbeUsage: 1
  m_ReflectionProbeUsage: 1
  m_RayTracingMode: 3
  m_RayTraceProcedural: 0
  m_RenderingLayerMask: 1
  m_RendererPriority: 0
  m_Materials:
  - {fileID: 2100000, guid: 182f91e1b44ff924d873ef46870e2976, type: 2}
  m_StaticBatchInfo:
    firstSubMesh: 0
    subMeshCount: 0
  m_StaticBatchRoot: {fileID: 0}
  m_ProbeAnchor: {fileID: 0}
  m_LightProbeVolumeOverride: {fileID: 0}
  m_ScaleInLightmap: 1
  m_ReceiveGI: 1
  m_PreserveUVs: 0
  m_IgnoreNormalsForChartDetection: 0
  m_ImportantGI: 0
  m_StitchLightmapSeams: 1
  m_SelectedEditorRenderState: 3
  m_MinimumChartSize: 4
  m_AutoUVMaxDistance: 0.5
  m_AutoUVMaxAngle: 89
  m_LightmapParameters: {fileID: 0}
  m_SortingLayerID: 0
  m_SortingLayer: 0
  m_SortingOrder: 0
  serializedVersion: 2
  m_Quality: 0
  m_UpdateWhenOffscreen: 0
  m_SkinnedMotionVectors: 1
  m_Mesh: {fileID: -5708584946078565489, guid: b82e29cc6ea57bd4aa493503a4388c79, type: 3}
  m_Bones:
  - {fileID: 8237732072577378554}
  - {fileID: 6049012286122260805}
  - {fileID: 7867464070399846154}
  - {fileID: 855541045881588992}
  - {fileID: 3516352284182132801}
  - {fileID: 3583008425605550084}
  - {fileID: 8524239071594225612}
  - {fileID: 1849548485968828784}
  - {fileID: 7404000317894798119}
  - {fileID: 7039950316198440868}
  - {fileID: 7816058301976607601}
  - {fileID: 5383489796982624274}
  - {fileID: 883076029183603612}
  - {fileID: 728819557587989891}
  - {fileID: 3576967471716856112}
  - {fileID: 2728789514322103191}
  - {fileID: 1250959710186499395}
  m_BlendShapeWeights: []
  m_RootBone: {fileID: 8237732072577378554}
  m_AABB:
    m_Center: {x: 0.016846776, y: 0.42762154, z: 0.1367841}
    m_Extent: {x: 0.5438053, y: 0.6033283, z: 0.53396463}
  m_DirtyAABB: 0
--- !u!1 &2856641942422375769
GameObject:
  m_ObjectHideFlags: 0
  m_CorrespondingSourceObject: {fileID: 0}
  m_PrefabInstance: {fileID: 0}
  m_PrefabAsset: {fileID: 0}
  serializedVersion: 6
  m_Component:
  - component: {fileID: 7404000317894798119}
  m_Layer: 0
  m_Name: shoulder.R
  m_TagString: Untagged
  m_Icon: {fileID: 0}
  m_NavMeshLayer: 0
  m_StaticEditorFlags: 0
  m_IsActive: 1
--- !u!4 &7404000317894798119
Transform:
  m_ObjectHideFlags: 0
  m_CorrespondingSourceObject: {fileID: 0}
  m_PrefabInstance: {fileID: 0}
  m_PrefabAsset: {fileID: 0}
  m_GameObject: {fileID: 2856641942422375769}
  m_LocalRotation: {x: -0.4726171, y: 0.5435798, z: 0.46189517, w: 0.51750064}
  m_LocalPosition: {x: -0.025385356, y: 0.054761913, z: -0.029234577}
  m_LocalScale: {x: 0.99999994, y: 0.9999999, z: 0.9999999}
  m_Children:
  - {fileID: 7039950316198440868}
  m_Father: {fileID: 855541045881588992}
  m_RootOrder: 1
  m_LocalEulerAnglesHint: {x: 0, y: 0, z: 0}
--- !u!1 &3036780121559176001
GameObject:
  m_ObjectHideFlags: 0
  m_CorrespondingSourceObject: {fileID: 0}
  m_PrefabInstance: {fileID: 0}
  m_PrefabAsset: {fileID: 0}
  serializedVersion: 6
  m_Component:
  - component: {fileID: 8524239071594225612}
  m_Layer: 0
  m_Name: upper_arm.L
  m_TagString: Untagged
  m_Icon: {fileID: 0}
  m_NavMeshLayer: 0
  m_StaticEditorFlags: 0
  m_IsActive: 1
--- !u!4 &8524239071594225612
Transform:
  m_ObjectHideFlags: 0
  m_CorrespondingSourceObject: {fileID: 0}
  m_PrefabInstance: {fileID: 0}
  m_PrefabAsset: {fileID: 0}
  m_GameObject: {fileID: 3036780121559176001}
  m_LocalRotation: {x: -0.07882278, y: 0.89274985, z: -0.044243917, w: 0.44139233}
  m_LocalPosition: {x: 0.00019958359, y: 0.12121, z: -0.008678592}
  m_LocalScale: {x: 1, y: 0.99999976, z: 1}
  m_Children:
  - {fileID: 1849548485968828784}
  m_Father: {fileID: 3583008425605550084}
  m_RootOrder: 0
  m_LocalEulerAnglesHint: {x: 0, y: 0, z: 0}
--- !u!1 &3240750838494181550
GameObject:
  m_ObjectHideFlags: 0
  m_CorrespondingSourceObject: {fileID: 0}
  m_PrefabInstance: {fileID: 0}
  m_PrefabAsset: {fileID: 0}
  serializedVersion: 6
  m_Component:
  - component: {fileID: 3516352284182132801}
  m_Layer: 0
  m_Name: spine.004
  m_TagString: Untagged
  m_Icon: {fileID: 0}
  m_NavMeshLayer: 0
  m_StaticEditorFlags: 0
  m_IsActive: 1
--- !u!4 &3516352284182132801
Transform:
  m_ObjectHideFlags: 0
  m_CorrespondingSourceObject: {fileID: 0}
  m_PrefabInstance: {fileID: 0}
  m_PrefabAsset: {fileID: 0}
  m_GameObject: {fileID: 3240750838494181550}
  m_LocalRotation: {x: -0.019357024, y: 0.03772426, z: 0.00042607132, w: 0.9991006}
  m_LocalPosition: {x: 0.000017769682, y: 0.0787252, z: 0.00029705878}
  m_LocalScale: {x: 1, y: 0.99999994, z: 0.99999994}
  m_Children:
  - {fileID: 4525263858962392123}
  m_Father: {fileID: 855541045881588992}
  m_RootOrder: 2
  m_LocalEulerAnglesHint: {x: 0, y: 0, z: 0}
--- !u!1 &3418804275138318460
GameObject:
  m_ObjectHideFlags: 0
  m_CorrespondingSourceObject: {fileID: 0}
  m_PrefabInstance: {fileID: 0}
  m_PrefabAsset: {fileID: 0}
  serializedVersion: 6
  m_Component:
  - component: {fileID: 2728789514322103191}
  m_Layer: 0
  m_Name: thigh.R
  m_TagString: Untagged
  m_Icon: {fileID: 0}
  m_NavMeshLayer: 0
  m_StaticEditorFlags: 0
  m_IsActive: 1
--- !u!4 &2728789514322103191
Transform:
  m_ObjectHideFlags: 0
  m_CorrespondingSourceObject: {fileID: 0}
  m_PrefabInstance: {fileID: 0}
  m_PrefabAsset: {fileID: 0}
  m_GameObject: {fileID: 3418804275138318460}
  m_LocalRotation: {x: 0.97503316, y: 0.002080735, z: 0.016791444, w: -0.22141379}
  m_LocalPosition: {x: -0.08467361, y: 0.020084068, z: -0.012059006}
  m_LocalScale: {x: 1, y: 1, z: 1.0000001}
  m_Children:
  - {fileID: 1250959710186499395}
  m_Father: {fileID: 8237732072577378554}
  m_RootOrder: 4
  m_LocalEulerAnglesHint: {x: 0, y: 0, z: 0}
--- !u!1 &3766902845465402798
GameObject:
  m_ObjectHideFlags: 0
  m_CorrespondingSourceObject: {fileID: 0}
  m_PrefabInstance: {fileID: 0}
  m_PrefabAsset: {fileID: 0}
  serializedVersion: 6
  m_Component:
  - component: {fileID: 4543404708046292756}
  - component: {fileID: 4073457484264246944}
  - component: {fileID: 4073457484264246946}
  m_Layer: 0
  m_Name: CatWithRig
  m_TagString: Untagged
  m_Icon: {fileID: 0}
  m_NavMeshLayer: 0
  m_StaticEditorFlags: 0
  m_IsActive: 1
--- !u!4 &4543404708046292756
Transform:
  m_ObjectHideFlags: 0
  m_CorrespondingSourceObject: {fileID: 0}
  m_PrefabInstance: {fileID: 0}
  m_PrefabAsset: {fileID: 0}
  m_GameObject: {fileID: 3766902845465402798}
  m_LocalRotation: {x: 0, y: 1, z: 0, w: 0}
  m_LocalPosition: {x: 0, y: -0.4, z: 1.2}
  m_LocalScale: {x: 0.5, y: 0.5, z: 0.5}
  m_Children:
  - {fileID: 8780559518148966602}
  - {fileID: 5312262953551952643}
  m_Father: {fileID: 0}
  m_RootOrder: 0
  m_LocalEulerAnglesHint: {x: 0, y: 180, z: 0}
--- !u!95 &4073457484264246944
Animator:
  serializedVersion: 3
  m_ObjectHideFlags: 0
  m_CorrespondingSourceObject: {fileID: 0}
  m_PrefabInstance: {fileID: 0}
  m_PrefabAsset: {fileID: 0}
  m_GameObject: {fileID: 3766902845465402798}
  m_Enabled: 1
  m_Avatar: {fileID: 0}
  m_Controller: {fileID: 9100000, guid: a84e82026e8067f4ab63bfd8af7c3340, type: 2}
  m_CullingMode: 0
  m_UpdateMode: 0
  m_ApplyRootMotion: 0
  m_LinearVelocityBlending: 0
  m_WarningMessage: 
  m_HasTransformHierarchy: 1
  m_AllowConstantClipSamplingOptimization: 1
  m_KeepAnimatorControllerStateOnDisable: 0
--- !u!114 &4073457484264246946
MonoBehaviour:
  m_ObjectHideFlags: 0
  m_CorrespondingSourceObject: {fileID: 0}
  m_PrefabInstance: {fileID: 0}
  m_PrefabAsset: {fileID: 0}
  m_GameObject: {fileID: 3766902845465402798}
  m_Enabled: 1
  m_EditorHideFlags: 0
  m_Script: {fileID: 11500000, guid: 51b6b91389a377a41a525553aed93e70, type: 3}
  m_Name: 
  m_EditorClassIdentifier: 
  LightningMarker: {fileID: 0}
  GamePlayController: {fileID: 0}
--- !u!1 &4031789744397999499
GameObject:
  m_ObjectHideFlags: 0
  m_CorrespondingSourceObject: {fileID: 0}
  m_PrefabInstance: {fileID: 0}
  m_PrefabAsset: {fileID: 0}
  serializedVersion: 6
  m_Component:
  - component: {fileID: 728819557587989891}
  m_Layer: 0
  m_Name: thigh.L
  m_TagString: Untagged
  m_Icon: {fileID: 0}
  m_NavMeshLayer: 0
  m_StaticEditorFlags: 0
  m_IsActive: 1
--- !u!4 &728819557587989891
Transform:
  m_ObjectHideFlags: 0
  m_CorrespondingSourceObject: {fileID: 0}
  m_PrefabInstance: {fileID: 0}
  m_PrefabAsset: {fileID: 0}
  m_GameObject: {fileID: 4031789744397999499}
  m_LocalRotation: {x: 0.9747502, y: -0.02079798, z: 0.01612047, w: -0.22174215}
  m_LocalPosition: {x: 0.082254015, y: 0.015817152, z: -0.007391384}
  m_LocalScale: {x: 1, y: 0.9999999, z: 0.99999976}
  m_Children:
  - {fileID: 3576967471716856112}
  m_Father: {fileID: 8237732072577378554}
  m_RootOrder: 3
  m_LocalEulerAnglesHint: {x: 0, y: 0, z: 0}
--- !u!1 &4284764384975956890
GameObject:
  m_ObjectHideFlags: 0
  m_CorrespondingSourceObject: {fileID: 0}
  m_PrefabInstance: {fileID: 0}
  m_PrefabAsset: {fileID: 0}
  serializedVersion: 6
  m_Component:
  - component: {fileID: 5383489796982624274}
  m_Layer: 0
  m_Name: pelvis.L
  m_TagString: Untagged
  m_Icon: {fileID: 0}
  m_NavMeshLayer: 0
  m_StaticEditorFlags: 0
  m_IsActive: 1
--- !u!4 &5383489796982624274
Transform:
  m_ObjectHideFlags: 0
  m_CorrespondingSourceObject: {fileID: 0}
  m_PrefabInstance: {fileID: 0}
  m_PrefabAsset: {fileID: 0}
  m_GameObject: {fileID: 4284764384975956890}
  m_LocalRotation: {x: 0.30640873, y: 0.616843, z: -0.43313769, w: 0.5813864}
  m_LocalPosition: {x: -0.004064177, y: -0.01135316, z: -0.0038330576}
  m_LocalScale: {x: 0.9999999, y: 0.99999976, z: 0.99999976}
  m_Children:
  - {fileID: 2810128158013425353}
  m_Father: {fileID: 8237732072577378554}
  m_RootOrder: 0
  m_LocalEulerAnglesHint: {x: 0, y: 0, z: 0}
--- !u!1 &4431505606769340134
GameObject:
  m_ObjectHideFlags: 0
  m_CorrespondingSourceObject: {fileID: 0}
  m_PrefabInstance: {fileID: 0}
  m_PrefabAsset: {fileID: 0}
  serializedVersion: 6
  m_Component:
  - component: {fileID: 8237732072577378554}
  m_Layer: 0
  m_Name: spine
  m_TagString: Untagged
  m_Icon: {fileID: 0}
  m_NavMeshLayer: 0
  m_StaticEditorFlags: 0
  m_IsActive: 1
--- !u!4 &8237732072577378554
Transform:
  m_ObjectHideFlags: 0
  m_CorrespondingSourceObject: {fileID: 0}
  m_PrefabInstance: {fileID: 0}
  m_PrefabAsset: {fileID: 0}
  m_GameObject: {fileID: 4431505606769340134}
  m_LocalRotation: {x: 0.5363677, y: 0.0049398076, z: 0.01827641, w: 0.8437721}
  m_LocalPosition: {x: 0.0019391857, y: -0.018990103, z: 0.108158946}
  m_LocalScale: {x: 1, y: 1, z: 1}
  m_Children:
  - {fileID: 5383489796982624274}
  - {fileID: 883076029183603612}
  - {fileID: 6049012286122260805}
  - {fileID: 728819557587989891}
  - {fileID: 2728789514322103191}
  m_Father: {fileID: 5312262953551952643}
  m_RootOrder: 0
  m_LocalEulerAnglesHint: {x: 0, y: 0, z: 0}
--- !u!1 &5132796138964018075
GameObject:
  m_ObjectHideFlags: 0
  m_CorrespondingSourceObject: {fileID: 0}
  m_PrefabInstance: {fileID: 0}
  m_PrefabAsset: {fileID: 0}
  serializedVersion: 6
  m_Component:
  - component: {fileID: 3394545421662217173}
  m_Layer: 0
  m_Name: shin.L_end
  m_TagString: Untagged
  m_Icon: {fileID: 0}
  m_NavMeshLayer: 0
  m_StaticEditorFlags: 0
  m_IsActive: 1
--- !u!4 &3394545421662217173
Transform:
  m_ObjectHideFlags: 0
  m_CorrespondingSourceObject: {fileID: 0}
  m_PrefabInstance: {fileID: 0}
  m_PrefabAsset: {fileID: 0}
  m_GameObject: {fileID: 5132796138964018075}
  m_LocalRotation: {x: 0, y: -0, z: -0, w: 1}
  m_LocalPosition: {x: -0, y: 0.026778141, z: 0}
  m_LocalScale: {x: 1, y: 1, z: 1}
  m_Children: []
  m_Father: {fileID: 3576967471716856112}
  m_RootOrder: 0
  m_LocalEulerAnglesHint: {x: 0, y: 0, z: 0}
--- !u!1 &5233311204097121571
GameObject:
  m_ObjectHideFlags: 0
  m_CorrespondingSourceObject: {fileID: 0}
  m_PrefabInstance: {fileID: 0}
  m_PrefabAsset: {fileID: 0}
  serializedVersion: 6
  m_Component:
  - component: {fileID: 7867464070399846154}
  m_Layer: 0
  m_Name: spine.002
  m_TagString: Untagged
  m_Icon: {fileID: 0}
  m_NavMeshLayer: 0
  m_StaticEditorFlags: 0
  m_IsActive: 1
--- !u!4 &7867464070399846154
Transform:
  m_ObjectHideFlags: 0
  m_CorrespondingSourceObject: {fileID: 0}
  m_PrefabInstance: {fileID: 0}
  m_PrefabAsset: {fileID: 0}
  m_GameObject: {fileID: 5233311204097121571}
  m_LocalRotation: {x: 0.049016923, y: -0.003731157, z: -0.002743332, w: 0.9987872}
  m_LocalPosition: {x: 9.5042196e-11, y: 0.097791865, z: 2.2555469e-10}
  m_LocalScale: {x: 0.99999994, y: 0.9999999, z: 1}
  m_Children:
  - {fileID: 855541045881588992}
  m_Father: {fileID: 6049012286122260805}
  m_RootOrder: 0
  m_LocalEulerAnglesHint: {x: 0, y: 0, z: 0}
--- !u!1 &5440260757981769355
GameObject:
  m_ObjectHideFlags: 0
  m_CorrespondingSourceObject: {fileID: 0}
  m_PrefabInstance: {fileID: 0}
  m_PrefabAsset: {fileID: 0}
  serializedVersion: 6
  m_Component:
  - component: {fileID: 6049012286122260805}
  m_Layer: 0
  m_Name: spine.001
  m_TagString: Untagged
  m_Icon: {fileID: 0}
  m_NavMeshLayer: 0
  m_StaticEditorFlags: 0
  m_IsActive: 1
--- !u!4 &6049012286122260805
Transform:
  m_ObjectHideFlags: 0
  m_CorrespondingSourceObject: {fileID: 0}
  m_PrefabInstance: {fileID: 0}
  m_PrefabAsset: {fileID: 0}
  m_GameObject: {fileID: 5440260757981769355}
  m_LocalRotation: {x: 0.18686454, y: -0.012591459, z: -0.007357908, w: 0.98227745}
  m_LocalPosition: {x: -2.0372681e-10, y: 0.03248687, z: 0.000000005315087}
  m_LocalScale: {x: 0.99999994, y: 1, z: 0.99999994}
  m_Children:
  - {fileID: 7867464070399846154}
  m_Father: {fileID: 8237732072577378554}
  m_RootOrder: 2
  m_LocalEulerAnglesHint: {x: 0, y: 0, z: 0}
--- !u!1 &6037602268610566885
GameObject:
  m_ObjectHideFlags: 0
  m_CorrespondingSourceObject: {fileID: 0}
  m_PrefabInstance: {fileID: 0}
  m_PrefabAsset: {fileID: 0}
  serializedVersion: 6
  m_Component:
  - component: {fileID: 883076029183603612}
  m_Layer: 0
  m_Name: pelvis.R
  m_TagString: Untagged
  m_Icon: {fileID: 0}
  m_NavMeshLayer: 0
  m_StaticEditorFlags: 0
  m_IsActive: 1
--- !u!4 &883076029183603612
Transform:
  m_ObjectHideFlags: 0
  m_CorrespondingSourceObject: {fileID: 0}
  m_PrefabInstance: {fileID: 0}
  m_PrefabAsset: {fileID: 0}
  m_GameObject: {fileID: 6037602268610566885}
  m_LocalRotation: {x: 0.27833036, y: -0.6404724, z: 0.4265384, w: 0.57479763}
  m_LocalPosition: {x: -0.00018858613, y: -0.011452219, z: -0.0037246847}
  m_LocalScale: {x: 0.9999999, y: 0.9999999, z: 0.99999994}
  m_Children:
  - {fileID: 326212936255233421}
  m_Father: {fileID: 8237732072577378554}
  m_RootOrder: 1
  m_LocalEulerAnglesHint: {x: 0, y: 0, z: 0}
--- !u!1 &6409760282203991591
GameObject:
  m_ObjectHideFlags: 0
  m_CorrespondingSourceObject: {fileID: 0}
  m_PrefabInstance: {fileID: 0}
  m_PrefabAsset: {fileID: 0}
  serializedVersion: 6
  m_Component:
  - component: {fileID: 1250959710186499395}
  m_Layer: 0
  m_Name: shin.R
  m_TagString: Untagged
  m_Icon: {fileID: 0}
  m_NavMeshLayer: 0
  m_StaticEditorFlags: 0
  m_IsActive: 1
--- !u!4 &1250959710186499395
Transform:
  m_ObjectHideFlags: 0
  m_CorrespondingSourceObject: {fileID: 0}
  m_PrefabInstance: {fileID: 0}
  m_PrefabAsset: {fileID: 0}
  m_GameObject: {fileID: 6409760282203991591}
  m_LocalRotation: {x: -0.08052828, y: -0.0032941545, z: -0.022750804, w: 0.9964872}
  m_LocalPosition: {x: 0.0000000032396201, y: 0.08829729, z: -8.731149e-11}
  m_LocalScale: {x: 1, y: 1.0000001, z: 0.99999994}
  m_Children:
  - {fileID: 3494048814244253991}
  m_Father: {fileID: 2728789514322103191}
  m_RootOrder: 0
  m_LocalEulerAnglesHint: {x: 0, y: 0, z: 0}
--- !u!1 &6547260810280750326
GameObject:
  m_ObjectHideFlags: 0
  m_CorrespondingSourceObject: {fileID: 0}
  m_PrefabInstance: {fileID: 0}
  m_PrefabAsset: {fileID: 0}
  serializedVersion: 6
  m_Component:
  - component: {fileID: 6670493171323046000}
  m_Layer: 0
  m_Name: forearm.L_end
  m_TagString: Untagged
  m_Icon: {fileID: 0}
  m_NavMeshLayer: 0
  m_StaticEditorFlags: 0
  m_IsActive: 1
--- !u!4 &6670493171323046000
Transform:
  m_ObjectHideFlags: 0
  m_CorrespondingSourceObject: {fileID: 0}
  m_PrefabInstance: {fileID: 0}
  m_PrefabAsset: {fileID: 0}
  m_GameObject: {fileID: 6547260810280750326}
  m_LocalRotation: {x: 0, y: -0, z: -0, w: 1}
  m_LocalPosition: {x: -0, y: 0.16047817, z: 0}
  m_LocalScale: {x: 1, y: 1, z: 1}
  m_Children: []
  m_Father: {fileID: 1849548485968828784}
  m_RootOrder: 0
  m_LocalEulerAnglesHint: {x: 0, y: 0, z: 0}
--- !u!1 &6630314506559749145
GameObject:
  m_ObjectHideFlags: 0
  m_CorrespondingSourceObject: {fileID: 0}
  m_PrefabInstance: {fileID: 0}
  m_PrefabAsset: {fileID: 0}
  serializedVersion: 6
  m_Component:
  - component: {fileID: 3576967471716856112}
  m_Layer: 0
  m_Name: shin.L
  m_TagString: Untagged
  m_Icon: {fileID: 0}
  m_NavMeshLayer: 0
  m_StaticEditorFlags: 0
  m_IsActive: 1
--- !u!4 &3576967471716856112
Transform:
  m_ObjectHideFlags: 0
  m_CorrespondingSourceObject: {fileID: 0}
  m_PrefabInstance: {fileID: 0}
  m_PrefabAsset: {fileID: 0}
  m_GameObject: {fileID: 6630314506559749145}
  m_LocalRotation: {x: -0.08052834, y: 0.0032941431, z: 0.022750754, w: 0.9964872}
  m_LocalPosition: {x: 0.000000008426468, y: 0.088297285, z: 1.1641532e-10}
  m_LocalScale: {x: 1, y: 1, z: 0.9999999}
  m_Children:
  - {fileID: 3394545421662217173}
  m_Father: {fileID: 728819557587989891}
  m_RootOrder: 0
  m_LocalEulerAnglesHint: {x: 0, y: 0, z: 0}
--- !u!1 &7082016464352074458
GameObject:
  m_ObjectHideFlags: 0
  m_CorrespondingSourceObject: {fileID: 0}
  m_PrefabInstance: {fileID: 0}
  m_PrefabAsset: {fileID: 0}
  serializedVersion: 6
  m_Component:
  - component: {fileID: 1849548485968828784}
  m_Layer: 0
  m_Name: forearm.L
  m_TagString: Untagged
  m_Icon: {fileID: 0}
  m_NavMeshLayer: 0
  m_StaticEditorFlags: 0
  m_IsActive: 1
--- !u!4 &1849548485968828784
Transform:
  m_ObjectHideFlags: 0
  m_CorrespondingSourceObject: {fileID: 0}
  m_PrefabInstance: {fileID: 0}
  m_PrefabAsset: {fileID: 0}
  m_GameObject: {fileID: 7082016464352074458}
  m_LocalRotation: {x: 0.040412836, y: 0.1333955, z: 0.015360237, w: 0.99011946}
  m_LocalPosition: {x: -0.000000033527613, y: 0.10371825, z: -0.000000011175871}
  m_LocalScale: {x: 0.99999994, y: 0.99999994, z: 1}
  m_Children:
  - {fileID: 6670493171323046000}
  m_Father: {fileID: 8524239071594225612}
  m_RootOrder: 0
  m_LocalEulerAnglesHint: {x: 0, y: 0, z: 0}
--- !u!1 &7379891632076522360
GameObject:
  m_ObjectHideFlags: 0
  m_CorrespondingSourceObject: {fileID: 0}
  m_PrefabInstance: {fileID: 0}
  m_PrefabAsset: {fileID: 0}
  serializedVersion: 6
  m_Component:
  - component: {fileID: 4525263858962392123}
  m_Layer: 0
  m_Name: spine.004_end
  m_TagString: Untagged
  m_Icon: {fileID: 0}
  m_NavMeshLayer: 0
  m_StaticEditorFlags: 0
  m_IsActive: 1
--- !u!4 &4525263858962392123
Transform:
  m_ObjectHideFlags: 0
  m_CorrespondingSourceObject: {fileID: 0}
  m_PrefabInstance: {fileID: 0}
  m_PrefabAsset: {fileID: 0}
  m_GameObject: {fileID: 7379891632076522360}
  m_LocalRotation: {x: 0, y: -0, z: -0, w: 1}
  m_LocalPosition: {x: -0, y: 0.517046, z: 0}
  m_LocalScale: {x: 1, y: 1, z: 1}
  m_Children: []
  m_Father: {fileID: 3516352284182132801}
  m_RootOrder: 0
  m_LocalEulerAnglesHint: {x: 0, y: 0, z: 0}
--- !u!1 &7659518127236305770
GameObject:
  m_ObjectHideFlags: 0
  m_CorrespondingSourceObject: {fileID: 0}
  m_PrefabInstance: {fileID: 0}
  m_PrefabAsset: {fileID: 0}
  serializedVersion: 6
  m_Component:
  - component: {fileID: 7039950316198440868}
  m_Layer: 0
  m_Name: upper_arm.R
  m_TagString: Untagged
  m_Icon: {fileID: 0}
  m_NavMeshLayer: 0
  m_StaticEditorFlags: 0
  m_IsActive: 1
--- !u!4 &7039950316198440868
Transform:
  m_ObjectHideFlags: 0
  m_CorrespondingSourceObject: {fileID: 0}
  m_PrefabInstance: {fileID: 0}
  m_PrefabAsset: {fileID: 0}
  m_GameObject: {fileID: 7659518127236305770}
  m_LocalRotation: {x: 0.078822784, y: 0.89274985, z: -0.044243902, w: -0.44139233}
  m_LocalPosition: {x: -0.00019958196, y: 0.12120999, z: -0.008678589}
  m_LocalScale: {x: 1, y: 0.99999976, z: 0.99999994}
  m_Children:
  - {fileID: 7816058301976607601}
  m_Father: {fileID: 7404000317894798119}
  m_RootOrder: 0
  m_LocalEulerAnglesHint: {x: 0, y: 0, z: 0}
--- !u!1 &7720408219779434723
GameObject:
  m_ObjectHideFlags: 0
  m_CorrespondingSourceObject: {fileID: 0}
  m_PrefabInstance: {fileID: 0}
  m_PrefabAsset: {fileID: 0}
  serializedVersion: 6
  m_Component:
  - component: {fileID: 5312262953551952643}
  m_Layer: 0
  m_Name: metarig
  m_TagString: Untagged
  m_Icon: {fileID: 0}
  m_NavMeshLayer: 0
  m_StaticEditorFlags: 0
  m_IsActive: 1
--- !u!4 &5312262953551952643
Transform:
  m_ObjectHideFlags: 0
  m_CorrespondingSourceObject: {fileID: 0}
  m_PrefabInstance: {fileID: 0}
  m_PrefabAsset: {fileID: 0}
  m_GameObject: {fileID: 7720408219779434723}
  m_LocalRotation: {x: -0.7071068, y: 0, z: -0, w: 0.7071067}
  m_LocalPosition: {x: -0, y: 0, z: 0}
  m_LocalScale: {x: 1, y: 1, z: 1}
  m_Children:
  - {fileID: 8237732072577378554}
  m_Father: {fileID: 4543404708046292756}
  m_RootOrder: 1
  m_LocalEulerAnglesHint: {x: 0, y: 0, z: 0}
--- !u!1 &7854467729290346732
GameObject:
  m_ObjectHideFlags: 0
  m_CorrespondingSourceObject: {fileID: 0}
  m_PrefabInstance: {fileID: 0}
  m_PrefabAsset: {fileID: 0}
  serializedVersion: 6
  m_Component:
  - component: {fileID: 3583008425605550084}
  m_Layer: 0
  m_Name: shoulder.L
  m_TagString: Untagged
  m_Icon: {fileID: 0}
  m_NavMeshLayer: 0
  m_StaticEditorFlags: 0
  m_IsActive: 1
--- !u!4 &3583008425605550084
Transform:
  m_ObjectHideFlags: 0
  m_CorrespondingSourceObject: {fileID: 0}
  m_PrefabInstance: {fileID: 0}
  m_PrefabAsset: {fileID: 0}
  m_GameObject: {fileID: 7854467729290346732}
  m_LocalRotation: {x: -0.47171912, y: -0.5444079, z: -0.4614193, w: 0.51787394}
  m_LocalPosition: {x: 0.023542142, y: 0.05482547, z: -0.029214248}
  m_LocalScale: {x: 0.9999998, y: 0.9999999, z: 0.99999994}
  m_Children:
  - {fileID: 8524239071594225612}
  m_Father: {fileID: 855541045881588992}
  m_RootOrder: 0
  m_LocalEulerAnglesHint: {x: 0, y: 0, z: 0}
--- !u!1 &8349207502111985137
GameObject:
  m_ObjectHideFlags: 0
  m_CorrespondingSourceObject: {fileID: 0}
  m_PrefabInstance: {fileID: 0}
  m_PrefabAsset: {fileID: 0}
  serializedVersion: 6
  m_Component:
  - component: {fileID: 3494048814244253991}
  m_Layer: 0
  m_Name: shin.R_end
  m_TagString: Untagged
  m_Icon: {fileID: 0}
  m_NavMeshLayer: 0
  m_StaticEditorFlags: 0
  m_IsActive: 1
--- !u!4 &3494048814244253991
Transform:
  m_ObjectHideFlags: 0
  m_CorrespondingSourceObject: {fileID: 0}
  m_PrefabInstance: {fileID: 0}
  m_PrefabAsset: {fileID: 0}
  m_GameObject: {fileID: 8349207502111985137}
  m_LocalRotation: {x: 0, y: -0, z: -0, w: 1}
  m_LocalPosition: {x: -0, y: 0.026778141, z: 0}
  m_LocalScale: {x: 1, y: 1, z: 1}
  m_Children: []
  m_Father: {fileID: 1250959710186499395}
  m_RootOrder: 0
  m_LocalEulerAnglesHint: {x: 0, y: 0, z: 0}
--- !u!1 &8632323443006136208
GameObject:
  m_ObjectHideFlags: 0
  m_CorrespondingSourceObject: {fileID: 0}
  m_PrefabInstance: {fileID: 0}
  m_PrefabAsset: {fileID: 0}
  serializedVersion: 6
  m_Component:
  - component: {fileID: 2810128158013425353}
  m_Layer: 0
  m_Name: pelvis.L_end
  m_TagString: Untagged
  m_Icon: {fileID: 0}
  m_NavMeshLayer: 0
  m_StaticEditorFlags: 0
  m_IsActive: 1
--- !u!4 &2810128158013425353
Transform:
  m_ObjectHideFlags: 0
  m_CorrespondingSourceObject: {fileID: 0}
  m_PrefabInstance: {fileID: 0}
  m_PrefabAsset: {fileID: 0}
  m_GameObject: {fileID: 8632323443006136208}
  m_LocalRotation: {x: 0, y: -0, z: -0, w: 1}
  m_LocalPosition: {x: -0, y: 0.0968713, z: 0}
  m_LocalScale: {x: 1, y: 1, z: 1}
  m_Children: []
  m_Father: {fileID: 5383489796982624274}
  m_RootOrder: 0
  m_LocalEulerAnglesHint: {x: 0, y: 0, z: 0}
