%YAML 1.1
%TAG !u! tag:unity3d.com,2011:
--- !u!114 &-8887526646420208552
MonoBehaviour:
  m_ObjectHideFlags: 0
  m_CorrespondingSourceObject: {fileID: 0}
  m_PrefabInstance: {fileID: 0}
  m_PrefabAsset: {fileID: 0}
  m_GameObject: {fileID: 0}
  m_Enabled: 1
  m_EditorHideFlags: 0
  m_Script: {fileID: 11500000, guid: 0f6bfdbcb316ed242b30a8798c9eb853, type: 3}
  m_Name: KHRSimpleControllerProfile Standalone
  m_EditorClassIdentifier: 
  m_enabled: 0
  nameUi: Khronos Simple Controller Profile
  version: 0.0.1
  featureIdInternal: com.unity.openxr.feature.input.khrsimpleprofile
  openxrExtensionStrings: 
  company: Unity
  priority: 0
  required: 0
--- !u!114 &-8810606667405089790
MonoBehaviour:
  m_ObjectHideFlags: 0
  m_CorrespondingSourceObject: {fileID: 0}
  m_PrefabInstance: {fileID: 0}
  m_PrefabAsset: {fileID: 0}
  m_GameObject: {fileID: 0}
  m_Enabled: 1
  m_EditorHideFlags: 0
  m_Script: {fileID: 11500000, guid: b3cf79659a011bd419c7a2a30eb74e9a, type: 3}
  m_Name: EyeGazeInteraction Standalone
  m_EditorClassIdentifier: 
  m_enabled: 0
  nameUi: Eye Gaze Interaction Profile
  version: 0.0.1
  featureIdInternal: com.unity.openxr.feature.input.eyetracking
  openxrExtensionStrings: XR_EXT_eye_gaze_interaction
  company: Unity
  priority: 0
  required: 0
--- !u!114 &-8439186474308419590
MonoBehaviour:
  m_ObjectHideFlags: 0
  m_CorrespondingSourceObject: {fileID: 0}
  m_PrefabInstance: {fileID: 0}
  m_PrefabAsset: {fileID: 0}
  m_GameObject: {fileID: 0}
  m_Enabled: 1
  m_EditorHideFlags: 0
  m_Script: {fileID: 11500000, guid: 274c02963f889a64e90bc2e596e21d13, type: 3}
  m_Name: HTCViveControllerProfile WSA
  m_EditorClassIdentifier: 
  m_enabled: 0
  nameUi: HTC Vive Controller Profile
  version: 0.0.1
  featureIdInternal: com.unity.openxr.feature.input.htcvive
  openxrExtensionStrings: 
  company: Unity
  priority: 0
  required: 0
--- !u!114 &-8297638771917504102
MonoBehaviour:
  m_ObjectHideFlags: 0
  m_CorrespondingSourceObject: {fileID: 0}
  m_PrefabInstance: {fileID: 0}
  m_PrefabAsset: {fileID: 0}
  m_GameObject: {fileID: 0}
  m_Enabled: 1
  m_EditorHideFlags: 0
  m_Script: {fileID: 11500000, guid: f928d0d73a35f294fbe357ca17aa3547, type: 3}
  m_Name: MicrosoftHandInteraction WSA
  m_EditorClassIdentifier: 
  m_enabled: 1
  nameUi: Microsoft Hand Interaction Profile
  version: 0.0.1
  featureIdInternal: com.unity.openxr.feature.input.handtracking
  openxrExtensionStrings: XR_MSFT_hand_interaction
  company: Unity
  priority: 0
  required: 0
--- !u!114 &-6392794275991279947
MonoBehaviour:
  m_ObjectHideFlags: 0
  m_CorrespondingSourceObject: {fileID: 0}
  m_PrefabInstance: {fileID: 0}
  m_PrefabAsset: {fileID: 0}
  m_GameObject: {fileID: 0}
  m_Enabled: 1
  m_EditorHideFlags: 0
  m_Script: {fileID: 11500000, guid: 274c02963f889a64e90bc2e596e21d13, type: 3}
  m_Name: HTCViveControllerProfile Standalone
  m_EditorClassIdentifier: 
  m_enabled: 0
  nameUi: HTC Vive Controller Profile
  version: 0.0.1
  featureIdInternal: com.unity.openxr.feature.input.htcvive
  openxrExtensionStrings: 
  company: Unity
  priority: 0
  required: 0
--- !u!114 &-6220758735494665545
MonoBehaviour:
  m_ObjectHideFlags: 0
  m_CorrespondingSourceObject: {fileID: 0}
  m_PrefabInstance: {fileID: 0}
  m_PrefabAsset: {fileID: 0}
  m_GameObject: {fileID: 0}
  m_Enabled: 1
  m_EditorHideFlags: 0
  m_Script: {fileID: 11500000, guid: 056125dd64c0ed540b40a4af74f7b495, type: 3}
  m_Name: RuntimeDebuggerOpenXRFeature Android
  m_EditorClassIdentifier: 
  m_enabled: 0
  nameUi: Runtime Debugger
  version: 1
  featureIdInternal: com.unity.openxr.features.runtimedebugger
  openxrExtensionStrings: 
  company: Unity
  priority: 0
  required: 0
  cacheSize: 1048576
  perThreadCacheSize: 51200
--- !u!114 &-5055591102408233536
MonoBehaviour:
  m_ObjectHideFlags: 0
  m_CorrespondingSourceObject: {fileID: 0}
  m_PrefabInstance: {fileID: 0}
  m_PrefabAsset: {fileID: 0}
  m_GameObject: {fileID: 0}
  m_Enabled: 1
  m_EditorHideFlags: 0
  m_Script: {fileID: 11500000, guid: 486b5e28864f9a94b979b9620ce5006d, type: 3}
  m_Name: ConformanceAutomationFeature WSA
  m_EditorClassIdentifier: 
  m_enabled: 0
  nameUi: Conformance Automation
  version: 0.0.1
  featureIdInternal: com.unity.openxr.feature.conformance
  openxrExtensionStrings: XR_EXT_conformance_automation
  company: Unity
  priority: 0
  required: 0
--- !u!114 &-5002160747988067544
MonoBehaviour:
  m_ObjectHideFlags: 0
  m_CorrespondingSourceObject: {fileID: 0}
  m_PrefabInstance: {fileID: 0}
  m_PrefabAsset: {fileID: 0}
  m_GameObject: {fileID: 0}
  m_Enabled: 1
  m_EditorHideFlags: 0
  m_Script: {fileID: 11500000, guid: b5a1f07dc5afe854f9f12a4194aca3fb, type: 3}
  m_Name: WebGL
  m_EditorClassIdentifier: 
  features: []
  m_renderMode: 1
  m_depthSubmissionMode: 0
--- !u!114 &-4406354937996311002
MonoBehaviour:
  m_ObjectHideFlags: 0
  m_CorrespondingSourceObject: {fileID: 0}
  m_PrefabInstance: {fileID: 0}
  m_PrefabAsset: {fileID: 0}
  m_GameObject: {fileID: 0}
  m_Enabled: 1
  m_EditorHideFlags: 0
  m_Script: {fileID: 11500000, guid: f928d0d73a35f294fbe357ca17aa3547, type: 3}
  m_Name: MicrosoftHandInteraction Standalone
  m_EditorClassIdentifier: 
  m_enabled: 1
  nameUi: Microsoft Hand Interaction Profile
  version: 0.0.1
  featureIdInternal: com.unity.openxr.feature.input.handtracking
  openxrExtensionStrings: XR_MSFT_hand_interaction
  company: Unity
  priority: 0
  required: 0
--- !u!114 &-2672138092243065321
MonoBehaviour:
  m_ObjectHideFlags: 0
  m_CorrespondingSourceObject: {fileID: 0}
  m_PrefabInstance: {fileID: 0}
  m_PrefabAsset: {fileID: 0}
  m_GameObject: {fileID: 0}
  m_Enabled: 1
  m_EditorHideFlags: 0
  m_Script: {fileID: 11500000, guid: 761fdd4502cb7a84e9ec7a2b24f33f37, type: 3}
  m_Name: MicrosoftMotionControllerProfile WSA
  m_EditorClassIdentifier: 
  m_enabled: 0
  nameUi: Microsoft Motion Controller Profile
  version: 0.0.1
  featureIdInternal: com.unity.openxr.feature.input.microsoftmotioncontroller
  openxrExtensionStrings: 
  company: Unity
  priority: 0
  required: 0
--- !u!114 &-2167074140315498734
MonoBehaviour:
  m_ObjectHideFlags: 0
  m_CorrespondingSourceObject: {fileID: 0}
  m_PrefabInstance: {fileID: 0}
  m_PrefabAsset: {fileID: 0}
  m_GameObject: {fileID: 0}
  m_Enabled: 1
  m_EditorHideFlags: 0
  m_Script: {fileID: 11500000, guid: 9ef793c31862a37448e907829482ef80, type: 3}
  m_Name: OculusQuestFeature Android
  m_EditorClassIdentifier: 
  m_enabled: 0
  nameUi: Oculus Quest Support
  version: 1.0.0
  featureIdInternal: com.unity.openxr.feature.oculusquest
  openxrExtensionStrings: XR_OCULUS_android_initialize_loader
  company: Unity
  priority: 0
  required: 0
--- !u!114 &-2156875933890222721
MonoBehaviour:
  m_ObjectHideFlags: 0
  m_CorrespondingSourceObject: {fileID: 0}
  m_PrefabInstance: {fileID: 0}
  m_PrefabAsset: {fileID: 0}
  m_GameObject: {fileID: 0}
  m_Enabled: 1
  m_EditorHideFlags: 0
  m_Script: {fileID: 11500000, guid: 0d6ccd3d0ef0f1d458e69421dccbdae1, type: 3}
  m_Name: ValveIndexControllerProfile WSA
  m_EditorClassIdentifier: 
  m_enabled: 0
  nameUi: Valve Index Controller Profile
  version: 0.0.1
  featureIdInternal: com.unity.openxr.feature.input.valveindex
  openxrExtensionStrings: 
  company: Unity
  priority: 0
  required: 0
--- !u!114 &-632307582945371761
MonoBehaviour:
  m_ObjectHideFlags: 0
  m_CorrespondingSourceObject: {fileID: 0}
  m_PrefabInstance: {fileID: 0}
  m_PrefabAsset: {fileID: 0}
  m_GameObject: {fileID: 0}
  m_Enabled: 1
  m_EditorHideFlags: 0
  m_Script: {fileID: 11500000, guid: f928d0d73a35f294fbe357ca17aa3547, type: 3}
  m_Name: MicrosoftHandInteraction Android
  m_EditorClassIdentifier: 
  m_enabled: 0
  nameUi: Microsoft Hand Interaction Profile
  version: 0.0.1
  featureIdInternal: com.unity.openxr.feature.input.handtracking
  openxrExtensionStrings: XR_MSFT_hand_interaction
  company: Unity
  priority: 0
  required: 0
--- !u!114 &11400000
MonoBehaviour:
  m_ObjectHideFlags: 0
  m_CorrespondingSourceObject: {fileID: 0}
  m_PrefabInstance: {fileID: 0}
  m_PrefabAsset: {fileID: 0}
  m_GameObject: {fileID: 0}
  m_Enabled: 1
  m_EditorHideFlags: 0
  m_Script: {fileID: 11500000, guid: 9f0ebc320a151d3408ea1e9fce54d40e, type: 3}
  m_Name: Open XR Package Settings
  m_EditorClassIdentifier: 
  Keys: 01000000070000000d0000000e000000
  Values:
  - {fileID: 5824456808669329245}
  - {fileID: 2194408769584939816}
  - {fileID: -5002160747988067544}
  - {fileID: 6444792004264041532}
--- !u!114 &1955928747679361534
MonoBehaviour:
  m_ObjectHideFlags: 0
  m_CorrespondingSourceObject: {fileID: 0}
  m_PrefabInstance: {fileID: 0}
  m_PrefabAsset: {fileID: 0}
  m_GameObject: {fileID: 0}
  m_Enabled: 1
  m_EditorHideFlags: 0
  m_Script: {fileID: 11500000, guid: b3cf79659a011bd419c7a2a30eb74e9a, type: 3}
  m_Name: EyeGazeInteraction Android
  m_EditorClassIdentifier: 
  m_enabled: 0
  nameUi: Eye Gaze Interaction Profile
  version: 0.0.1
  featureIdInternal: com.unity.openxr.feature.input.eyetracking
  openxrExtensionStrings: XR_EXT_eye_gaze_interaction
  company: Unity
  priority: 0
  required: 0
--- !u!114 &2135614383867358626
MonoBehaviour:
  m_ObjectHideFlags: 0
  m_CorrespondingSourceObject: {fileID: 0}
  m_PrefabInstance: {fileID: 0}
  m_PrefabAsset: {fileID: 0}
  m_GameObject: {fileID: 0}
  m_Enabled: 1
  m_EditorHideFlags: 0
  m_Script: {fileID: 11500000, guid: 7de993716e042c6499d0c18eed3a773c, type: 3}
  m_Name: MockRuntime Standalone
  m_EditorClassIdentifier: 
  m_enabled: 0
  nameUi: Mock Runtime
  version: 0.0.2
  featureIdInternal: com.unity.openxr.feature.mockruntime
  openxrExtensionStrings: XR_UNITY_null_gfx
  company: Unity
  priority: 0
  required: 0
  ignoreValidationErrors: 0
--- !u!114 &2194408769584939816
MonoBehaviour:
  m_ObjectHideFlags: 0
  m_CorrespondingSourceObject: {fileID: 0}
  m_PrefabInstance: {fileID: 0}
  m_PrefabAsset: {fileID: 0}
  m_GameObject: {fileID: 0}
  m_Enabled: 1
  m_EditorHideFlags: 0
  m_Script: {fileID: 11500000, guid: b5a1f07dc5afe854f9f12a4194aca3fb, type: 3}
  m_Name: Android
  m_EditorClassIdentifier: 
  features:
  - {fileID: 3820652482854010226}
  - {fileID: 1955928747679361534}
  - {fileID: 7527851850839775863}
  - {fileID: -632307582945371761}
  - {fileID: -2167074140315498734}
  - {fileID: 4235926362533690894}
  - {fileID: -6220758735494665545}
  m_renderMode: 1
  m_depthSubmissionMode: 0
--- !u!114 &3820652482854010226
MonoBehaviour:
  m_ObjectHideFlags: 0
  m_CorrespondingSourceObject: {fileID: 0}
  m_PrefabInstance: {fileID: 0}
  m_PrefabAsset: {fileID: 0}
  m_GameObject: {fileID: 0}
  m_Enabled: 1
  m_EditorHideFlags: 0
  m_Script: {fileID: 11500000, guid: 486b5e28864f9a94b979b9620ce5006d, type: 3}
  m_Name: ConformanceAutomationFeature Android
  m_EditorClassIdentifier: 
  m_enabled: 0
  nameUi: Conformance Automation
  version: 0.0.1
  featureIdInternal: com.unity.openxr.feature.conformance
  openxrExtensionStrings: XR_EXT_conformance_automation
  company: Unity
  priority: 0
  required: 0
--- !u!114 &4024045305516505458
MonoBehaviour:
  m_ObjectHideFlags: 0
  m_CorrespondingSourceObject: {fileID: 0}
  m_PrefabInstance: {fileID: 0}
  m_PrefabAsset: {fileID: 0}
  m_GameObject: {fileID: 0}
  m_Enabled: 1
  m_EditorHideFlags: 0
  m_Script: {fileID: 11500000, guid: 0d6ccd3d0ef0f1d458e69421dccbdae1, type: 3}
  m_Name: ValveIndexControllerProfile Standalone
  m_EditorClassIdentifier: 
  m_enabled: 0
  nameUi: Valve Index Controller Profile
  version: 0.0.1
  featureIdInternal: com.unity.openxr.feature.input.valveindex
  openxrExtensionStrings: 
  company: Unity
  priority: 0
  required: 0
--- !u!114 &4235926362533690894
MonoBehaviour:
  m_ObjectHideFlags: 0
  m_CorrespondingSourceObject: {fileID: 0}
  m_PrefabInstance: {fileID: 0}
  m_PrefabAsset: {fileID: 0}
  m_GameObject: {fileID: 0}
  m_Enabled: 1
  m_EditorHideFlags: 0
  m_Script: {fileID: 11500000, guid: feeef8d85de8db242bdda70cc7ff5acd, type: 3}
  m_Name: OculusTouchControllerProfile Android
  m_EditorClassIdentifier: 
  m_enabled: 0
  nameUi: Oculus Touch Controller Profile
  version: 0.0.1
  featureIdInternal: com.unity.openxr.feature.input.oculustouch
  openxrExtensionStrings: 
  company: Unity
  priority: 0
  required: 0
--- !u!114 &4344667510521601360
MonoBehaviour:
  m_ObjectHideFlags: 0
  m_CorrespondingSourceObject: {fileID: 0}
  m_PrefabInstance: {fileID: 0}
  m_PrefabAsset: {fileID: 0}
  m_GameObject: {fileID: 0}
  m_Enabled: 1
  m_EditorHideFlags: 0
  m_Script: {fileID: 11500000, guid: feeef8d85de8db242bdda70cc7ff5acd, type: 3}
  m_Name: OculusTouchControllerProfile Standalone
  m_EditorClassIdentifier: 
  m_enabled: 0
  nameUi: Oculus Touch Controller Profile
  version: 0.0.1
  featureIdInternal: com.unity.openxr.feature.input.oculustouch
  openxrExtensionStrings: 
  company: Unity
  priority: 0
  required: 0
--- !u!114 &4991982118683726139
MonoBehaviour:
  m_ObjectHideFlags: 0
  m_CorrespondingSourceObject: {fileID: 0}
  m_PrefabInstance: {fileID: 0}
  m_PrefabAsset: {fileID: 0}
  m_GameObject: {fileID: 0}
  m_Enabled: 1
  m_EditorHideFlags: 0
  m_Script: {fileID: 11500000, guid: 056125dd64c0ed540b40a4af74f7b495, type: 3}
  m_Name: RuntimeDebuggerOpenXRFeature WSA
  m_EditorClassIdentifier: 
  m_enabled: 0
  nameUi: Runtime Debugger
  version: 1
  featureIdInternal: com.unity.openxr.features.runtimedebugger
  openxrExtensionStrings: 
  company: Unity
  priority: 0
  required: 0
  cacheSize: 1048576
  perThreadCacheSize: 51200
--- !u!114 &5824456808669329245
MonoBehaviour:
  m_ObjectHideFlags: 0
  m_CorrespondingSourceObject: {fileID: 0}
  m_PrefabInstance: {fileID: 0}
  m_PrefabAsset: {fileID: 0}
  m_GameObject: {fileID: 0}
  m_Enabled: 1
  m_EditorHideFlags: 0
  m_Script: {fileID: 11500000, guid: b5a1f07dc5afe854f9f12a4194aca3fb, type: 3}
  m_Name: Standalone
  m_EditorClassIdentifier: 
  features:
  - {fileID: 7688890971030472869}
  - {fileID: -8810606667405089790}
  - {fileID: -6392794275991279947}
  - {fileID: -8887526646420208552}
  - {fileID: -4406354937996311002}
  - {fileID: 6720986396994059736}
  - {fileID: 8872504980476459085}
  - {fileID: 2135614383867358626}
  - {fileID: 4344667510521601360}
  - {fileID: 7882751697822375899}
  - {fileID: 4024045305516505458}
  m_renderMode: 1
  m_depthSubmissionMode: 1
--- !u!114 &6444792004264041532
MonoBehaviour:
  m_ObjectHideFlags: 0
  m_CorrespondingSourceObject: {fileID: 0}
  m_PrefabInstance: {fileID: 0}
  m_PrefabAsset: {fileID: 0}
  m_GameObject: {fileID: 0}
  m_Enabled: 1
  m_EditorHideFlags: 0
  m_Script: {fileID: 11500000, guid: b5a1f07dc5afe854f9f12a4194aca3fb, type: 3}
  m_Name: WSA
  m_EditorClassIdentifier: 
  features:
  - {fileID: -5055591102408233536}
  - {fileID: 8729581996276361651}
  - {fileID: -8439186474308419590}
  - {fileID: 7731018537633164880}
  - {fileID: -8297638771917504102}
  - {fileID: -2672138092243065321}
  - {fileID: 8615693299109580802}
  - {fileID: 4991982118683726139}
  - {fileID: -2156875933890222721}
  m_renderMode: 1
  m_depthSubmissionMode: 1
--- !u!114 &6720986396994059736
MonoBehaviour:
  m_ObjectHideFlags: 0
  m_CorrespondingSourceObject: {fileID: 0}
  m_PrefabInstance: {fileID: 0}
  m_PrefabAsset: {fileID: 0}
  m_GameObject: {fileID: 0}
  m_Enabled: 1
  m_EditorHideFlags: 0
  m_Script: {fileID: 11500000, guid: 761fdd4502cb7a84e9ec7a2b24f33f37, type: 3}
  m_Name: MicrosoftMotionControllerProfile Standalone
  m_EditorClassIdentifier: 
  m_enabled: 0
  nameUi: Microsoft Motion Controller Profile
  version: 0.0.1
  featureIdInternal: com.unity.openxr.feature.input.microsoftmotioncontroller
  openxrExtensionStrings: 
  company: Unity
  priority: 0
  required: 0
--- !u!114 &7527851850839775863
MonoBehaviour:
  m_ObjectHideFlags: 0
  m_CorrespondingSourceObject: {fileID: 0}
  m_PrefabInstance: {fileID: 0}
  m_PrefabAsset: {fileID: 0}
  m_GameObject: {fileID: 0}
  m_Enabled: 1
  m_EditorHideFlags: 0
  m_Script: {fileID: 11500000, guid: 0f6bfdbcb316ed242b30a8798c9eb853, type: 3}
  m_Name: KHRSimpleControllerProfile Android
  m_EditorClassIdentifier: 
  m_enabled: 0
  nameUi: Khronos Simple Controller Profile
  version: 0.0.1
  featureIdInternal: com.unity.openxr.feature.input.khrsimpleprofile
  openxrExtensionStrings: 
  company: Unity
  priority: 0
  required: 0
--- !u!114 &7688890971030472869
MonoBehaviour:
  m_ObjectHideFlags: 0
  m_CorrespondingSourceObject: {fileID: 0}
  m_PrefabInstance: {fileID: 0}
  m_PrefabAsset: {fileID: 0}
  m_GameObject: {fileID: 0}
  m_Enabled: 1
  m_EditorHideFlags: 0
  m_Script: {fileID: 11500000, guid: 486b5e28864f9a94b979b9620ce5006d, type: 3}
  m_Name: ConformanceAutomationFeature Standalone
  m_EditorClassIdentifier: 
  m_enabled: 0
  nameUi: Conformance Automation
  version: 0.0.1
  featureIdInternal: com.unity.openxr.feature.conformance
  openxrExtensionStrings: XR_EXT_conformance_automation
  company: Unity
  priority: 0
  required: 0
--- !u!114 &7731018537633164880
MonoBehaviour:
  m_ObjectHideFlags: 0
  m_CorrespondingSourceObject: {fileID: 0}
  m_PrefabInstance: {fileID: 0}
  m_PrefabAsset: {fileID: 0}
  m_GameObject: {fileID: 0}
  m_Enabled: 1
  m_EditorHideFlags: 0
  m_Script: {fileID: 11500000, guid: 0f6bfdbcb316ed242b30a8798c9eb853, type: 3}
  m_Name: KHRSimpleControllerProfile WSA
  m_EditorClassIdentifier: 
  m_enabled: 0
  nameUi: Khronos Simple Controller Profile
  version: 0.0.1
  featureIdInternal: com.unity.openxr.feature.input.khrsimpleprofile
  openxrExtensionStrings: 
  company: Unity
  priority: 0
  required: 0
--- !u!114 &7882751697822375899
MonoBehaviour:
  m_ObjectHideFlags: 0
  m_CorrespondingSourceObject: {fileID: 0}
  m_PrefabInstance: {fileID: 0}
  m_PrefabAsset: {fileID: 0}
  m_GameObject: {fileID: 0}
  m_Enabled: 1
  m_EditorHideFlags: 0
  m_Script: {fileID: 11500000, guid: 056125dd64c0ed540b40a4af74f7b495, type: 3}
  m_Name: RuntimeDebuggerOpenXRFeature Standalone
  m_EditorClassIdentifier: 
  m_enabled: 0
  nameUi: Runtime Debugger
  version: 1
  featureIdInternal: com.unity.openxr.features.runtimedebugger
  openxrExtensionStrings: 
  company: Unity
  priority: 0
  required: 0
  cacheSize: 1048576
  perThreadCacheSize: 51200
--- !u!114 &8615693299109580802
MonoBehaviour:
  m_ObjectHideFlags: 0
  m_CorrespondingSourceObject: {fileID: 0}
  m_PrefabInstance: {fileID: 0}
  m_PrefabAsset: {fileID: 0}
  m_GameObject: {fileID: 0}
  m_Enabled: 1
  m_EditorHideFlags: 0
  m_Script: {fileID: 11500000, guid: feeef8d85de8db242bdda70cc7ff5acd, type: 3}
  m_Name: OculusTouchControllerProfile WSA
  m_EditorClassIdentifier: 
  m_enabled: 0
  nameUi: Oculus Touch Controller Profile
  version: 0.0.1
  featureIdInternal: com.unity.openxr.feature.input.oculustouch
  openxrExtensionStrings: 
  company: Unity
  priority: 0
  required: 0
--- !u!114 &8729581996276361651
MonoBehaviour:
  m_ObjectHideFlags: 0
  m_CorrespondingSourceObject: {fileID: 0}
  m_PrefabInstance: {fileID: 0}
  m_PrefabAsset: {fileID: 0}
  m_GameObject: {fileID: 0}
  m_Enabled: 1
  m_EditorHideFlags: 0
  m_Script: {fileID: 11500000, guid: b3cf79659a011bd419c7a2a30eb74e9a, type: 3}
  m_Name: EyeGazeInteraction WSA
  m_EditorClassIdentifier: 
  m_enabled: 0
  nameUi: Eye Gaze Interaction Profile
  version: 0.0.1
  featureIdInternal: com.unity.openxr.feature.input.eyetracking
  openxrExtensionStrings: XR_EXT_eye_gaze_interaction
  company: Unity
  priority: 0
  required: 0
--- !u!114 &8872504980476459085
MonoBehaviour:
  m_ObjectHideFlags: 0
  m_CorrespondingSourceObject: {fileID: 0}
  m_PrefabInstance: {fileID: 0}
  m_PrefabAsset: {fileID: 0}
  m_GameObject: {fileID: 0}
  m_Enabled: 1
  m_EditorHideFlags: 0
  m_Script: {fileID: 11500000, guid: 96efa89124dda0941802f28ad8249b87, type: 3}
  m_Name: MockDriver Standalone
  m_EditorClassIdentifier: 
  m_enabled: 0
  nameUi: Mock Driver
  version: 0.0.1
  featureIdInternal: com.unity.openxr.feature.mockdriver
  openxrExtensionStrings: XR_UNITY_mock_driver
  company: Unity
  priority: 0
  required: 0
